@article{greenwade93,
    author  = "George D. Greenwade",
    title   = "The {C}omprehensive {T}ex {A}rchive {N}etwork ({CTAN})",
    year    = "1993",
    journal = "TUGBoat",
    volume  = "14",
    number  = "3",
    pages   = "342--351"
}
@article{NZZ20070811,
	author = "unknown",
	title = "Die Börsen sind in Alarmstimmung",
	journal = "Neue Zürcher Zeitung",
	year = "2007",
	month = "11. August",
	pages = "1"
}