@misc{SWX20070705,
	author = "SWX, virt-x",
	title = "{SWX} and virt-x launch new high performance trading platform",
	journal = "Media release",
	year = "2007",
	month = "5. July",
	howpublished="\url{https://www.six-group.com/exchanges/media_releases/online/media20070705_en.pdf}"
},
@misc{SWX20070403,
	author = "SWX",
	title = "Annual report 2006",
	year = "2007",
	month = "3. April",
	howpublished="\url{https://www.six-group.com/exchanges/download/about/annual_report/2006/annual_fullversion_en.pdf}",
	note="\textit{Release 8.2 ... will enable the SWX Swiss Exchange and virt-x to respond better to the tougher performance requirements of algorithm-based trading. ... It is scheduled to come on stream in late spring 2007.}"
}
